<?xml version="1.0" encoding="UTF-8"?><collection xmlns="http://www.loc.gov/MARC21/slim"><record><leader>00467nam--2200169-i-4500</leader><controlfield tag="001">000042559</controlfield><controlfield tag="002">20161230</controlfield><controlfield tag="005">20161230201043</controlfield><controlfield tag="008">060222s1000------------r-----000-0-eng-d</controlfield><datafield ind1=" " ind2=" " tag="040"><subfield code="a">IFIN-HH</subfield></datafield><datafield ind1=" " ind2=" " tag="080"><subfield code="a">543.422.2:535.33:621.37.029.6</subfield></datafield><datafield ind1="1" ind2=" " tag="100"><subfield code="a">Squires, Terence L</subfield></datafield><datafield ind1="1" ind2="0" tag="245"><subfield code="a">Introdiction to microwave spectroscopy</subfield><subfield code="c">Terence l. squires</subfield></datafield><datafield ind1=" " ind2=" " tag="260"><subfield code="a">London</subfield><subfield code="b">George Newnes Ltd</subfield><subfield code="c">1963</subfield></datafield><datafield ind1=" " ind2=" " tag="300"><subfield code="a">140 P</subfield></datafield><datafield ind1=" " ind2=" " tag="852"><subfield code="a">20637</subfield><subfield code="c">535.33</subfield></datafield><datafield ind1=" " ind2=" " tag="CAT"><subfield code="a">Sys</subfield><subfield code="c">20101202</subfield><subfield code="h">130333</subfield></datafield></record></collection>